<collection xmlns="http://www.loc.gov/MARC21/slim">
<record>
  <leader>01719nam0a22002891i 450 </leader>
  <controlfield tag="001">IT\ICCU\CNCE\057912</controlfield>
  <controlfield tag="005">20170207000000.0</controlfield>
  <datafield tag="012" ind1=" " ind2=" ">
    <subfield code="a">o.di toIn o-i- hatu (C) 1534 (Q)</subfield>
    <subfield code="2">fei</subfield>
  </datafield>
  <datafield tag="100" ind1=" " ind2=" ">
    <subfield code="a">20040430f1534        0itac0103    ba</subfield>
  </datafield>
  <datafield tag="101" ind1=" " ind2=" ">
    <subfield code="a">LAT</subfield>
  </datafield>
  <datafield tag="102" ind1=" " ind2=" ">
    <subfield code="a">IT</subfield>
  </datafield>
  <datafield tag="200" ind1="1" ind2=" ">
    <subfield code="a">Dux Mediolani etc. Eggregie dilecte noster mittimus ad uos decretum gratiae generalis per nos nuper factum in aduentum illustrissimae dominae</subfield>
  </datafield>
  <datafield tag="210" ind1=" " ind2=" ">
    <subfield code="d">\1534?!</subfield>
  </datafield>
  <datafield tag="215" ind1=" " ind2=" ">
    <subfield code="a">\2! c.</subfield>
    <subfield code="d">fol</subfield>
  </datafield>
  <datafield tag="300" ind1=" " ind2=" ">
    <subfield code="a">Data di emanazione: Milano, 7 maggio 1534 (data del documento pi ̮tardo). - Il titolo si ricava dall&apos;incipit. - Stampata a Milano da Gottardo da Ponte; per il tipografo cfr.: E. Sandal, Editori e tipografi a Milano nel Cinquecento, v. III, p. 118, n. 364/1, e E. Sandal, L&apos;arte della stampa a Milano nell&apos;et ̉di Carlo V. Notizie storiche e annali tipografici (1526-1556) (Biblioteca Bibliographica Aureliana, 94)</subfield>
  </datafield>
  <datafield tag="620" ind1=" " ind2=" ">
    <subfield code="a">IT</subfield>
    <subfield code="d">Milano</subfield>
  </datafield>
  <datafield tag="700" ind1=" " ind2="1">
    <subfield code="a">Sforza,</subfield>
    <subfield code="b">Francesco</subfield>
    <subfield code="c"> &lt;duca di Milano</subfield>
    <subfield code="c"> ; 2.&gt;</subfield>
    <subfield code="3">IT\ICCU\CNCA\017622</subfield>
  </datafield>
  <datafield tag="712" ind1="0" ind2="0">
    <subfield code="a">Da_Ponte, Gottardo</subfield>
    <subfield code="3">IT\ICCU\CNCT\001661</subfield>
    <subfield code="4">650</subfield>
  </datafield>
  <datafield tag="790" ind1=" " ind2="0">
    <subfield code="a">Francesco</subfield>
    <subfield code="c"> &lt;duca di Milano</subfield>
    <subfield code="c"> ; 2.&gt;</subfield>
    <subfield code="3">IT\ICCU\CNCA\024648</subfield>
    <subfield code="z">Sforza, Francesco &lt;duca di Milano ; 2.&gt;</subfield>
  </datafield>
  <datafield tag="791" ind1="0" ind2="0">
    <subfield code="a">Ponticus, Gotardus</subfield>
    <subfield code="3">IT\ICCU\CNCT\003707</subfield>
    <subfield code="z">Da_Ponte, Gottardo</subfield>
  </datafield>
  <datafield tag="791" ind1="0" ind2="0">
    <subfield code="a">Pontius, Gotardus</subfield>
    <subfield code="3">IT\ICCU\CNCT\003708</subfield>
    <subfield code="z">Da_Ponte, Gottardo</subfield>
  </datafield>
  <datafield tag="791" ind1="0" ind2="0">
    <subfield code="a">Pontanus, Gotardus</subfield>
    <subfield code="3">IT\ICCU\CNCT\003709</subfield>
    <subfield code="z">Da_Ponte, Gottardo</subfield>
  </datafield>
  <datafield tag="791" ind1="0" ind2="0">
    <subfield code="a">Ponte, Gottardo da</subfield>
    <subfield code="3">IT\ICCU\CNCT\003710</subfield>
    <subfield code="z">Da_Ponte, Gottardo</subfield>
  </datafield>
  <datafield tag="791" ind1="0" ind2="0">
    <subfield code="a">Ponzio, Gottardo</subfield>
    <subfield code="3">IT\ICCU\CNCT\004488</subfield>
    <subfield code="z">Da_Ponte, Gottardo</subfield>
  </datafield>
  <datafield tag="801" ind1=" " ind2="3">
    <subfield code="a">IT</subfield>
    <subfield code="b">ICCU</subfield>
    <subfield code="c">20201115</subfield>
  </datafield>
  <datafield tag="899" ind1=" " ind2=" ">
    <subfield code="a">Biblioteca Ambrosiana. Milano</subfield>
    <subfield code="1">MI0133</subfield>
    <subfield code="2">VBA 01</subfield>
  </datafield>
  <datafield tag="899" ind1=" " ind2=" ">
    <subfield code="a">Archivio storico civico e Biblioteca Trivulziana. Milano</subfield>
    <subfield code="1">MI0327</subfield>
    <subfield code="2">LO1 13</subfield>
  </datafield>
</record>
</collection>
